@article{devops,
    author = {Mike Vizard},
    title = {Report: Debugging Efforts Cost Companies \$61B Annually},
    url ={https://devops.com/report-debugging-efforts-cost-companies-61b-annually/},
    year={2020}
}

@article{MBA,
    author = {University of Cambridge},
    title = {Research by Cambridge MBAs for tech firm Undo finds software bugs cost the industry \$316 billion a year},
    url ={https://www.jbs.cam.ac.uk/insight/2013/research-by-cambridge-mbas-for-tech-firm-undo-finds-software-bugs-cost-the-industry-316-billion-a-year/},
    year={2013}
}

@article{github,
    author= {Adrian Palacios and Ivan Lanese and German Vidal and Doriana},
    title={Cauder source code},
    url={https://github.com/mistupv/cauder},
    year={2017}
}

@techreport{erlangDoc,
    author= {Erlang Official Documentation},
    title={Erlang Documentation},
    url={https://www.erlang.org/docs},
}

@techreport{erlangCommunication,
    author= {Erlang Official Documentation},
    title={Erlang Communication},
    url={https://erlang.org/doc/apps/erts/communication.html},
}

@techreport{erlangLinks,
    author= {Erlang Official Documentation},
    title={Erlang Links},
    url={https://erlang.org/doc/reference_manual/processes.html#links},
}


@techreport{coreErlang,
    author= {Core Erlang},
    title={Core Erlang by Example},
    url={http://blog.erlang.org/core-erlang-by-example/},
}

@techreport{smp,
    author= {Erlang Official Documentation},
    title={Erlang SMP},
    url={http://erlang.org/doc/efficiency_guide/processes.html#smp-emulator},
}

@techreport{et,
    author= {Erlang Official Documentation},
    title={Erlang Event Tracer Documentation},
    url={http://erlang.org/doc/apps/et/et_intro.html},
}

@article{survey,
  author    = {Ivan Lanese and
               Claudio Antares Mezzina and
               Francesco Tiezzi},
  title     = {Causal-Consistent Reversibility},
  journal   = {Bull. {EATCS}},
  volume    = {114},
  year      = {2014},
  url       = {http://eatcs.org/beatcs/index.php/beatcs/article/view/305},
  timestamp = {Thu, 18 Jun 2020 22:07:37 +0200},
  biburl    = {https://dblp.org/rec/journals/eatcs/Lanese14.bib},
  bibsource = {dblp computer science bibliography, https://dblp.org}
}


@inproceedings{lanese20,
  author    = {Ivan Lanese and
               Doriana Medic},
  editor    = {Igor Konnov and
               Laura Kov{\'{a}}cs},
  title     = {A General Approach to Derive Uncontrolled Reversible Semantics},
  booktitle = {31st International Conference on Concurrency Theory, {CONCUR} 2020,
               September 1-4, 2020, Vienna, Austria (Virtual Conference)},
  series    = {LIPIcs},
  volume    = {171},
  pages     = {33:1--33:24},
  publisher = {Schloss Dagstuhl - Leibniz-Zentrum f{\"{u}}r Informatik},
  year      = {2020},
  url       = {https://doi.org/10.4230/LIPIcs.CONCUR.2020.33},
  doi       = {10.4230/LIPIcs.CONCUR.2020.33},
  timestamp = {Thu, 27 Aug 2020 16:03:07 +0200},
  biburl    = {https://dblp.org/rec/conf/concur/LaneseM20.bib},
  bibsource = {dblp computer science bibliography, https://dblp.org}
}

@inproceedings{lanese18,
  author    = {Ivan Lanese},
  editor    = {Jarkko Kari and
               Irek Ulidowski},
  title     = {From Reversible Semantics to Reversible Debugging},
  booktitle = {Reversible Computation - 10th International Conference, {RC} 2018,
               Leicester, UK, September 12-14, 2018, Proceedings},
  series    = {Lecture Notes in Computer Science},
  volume    = {11106},
  pages     = {34--46},
  publisher = {Springer},
  year      = {2018},
  url       = {https://doi.org/10.1007/978-3-319-99498-7\_2},
  doi       = {10.1007/978-3-319-99498-7\_2},
  timestamp = {Tue, 14 May 2019 10:00:38 +0200},
  biburl    = {https://dblp.org/rec/conf/rc/Lanese18.bib},
  bibsource = {dblp computer science bibliography, https://dblp.org}
}

@inproceedings{lanese19,
  author    = {Ivan Lanese and
               Naoki Nishida and
               Adri{\'{a}}n Palacios and
               Germ{\'{a}}n Vidal},
  editor    = {John P. Gallagher and
               Martin Sulzmann},
  title     = {CauDEr: {A} Causal-Consistent Reversible Debugger for Erlang},
  booktitle = {Functional and Logic Programming - 14th International Symposium, {FLOPS}
               2018, Nagoya, Japan, May 9-11, 2018, Proceedings},
  series    = {Lecture Notes in Computer Science},
  volume    = {10818},
  pages     = {247--263},
  publisher = {Springer},
  year      = {2018},
  url       = {https://doi.org/10.1007/978-3-319-90686-7\_16},
  doi       = {10.1007/978-3-319-90686-7\_16},
  timestamp = {Tue, 14 May 2019 10:00:53 +0200},
  biburl    = {https://dblp.org/rec/conf/flops/Lanese0PV18.bib},
  bibsource = {dblp computer science bibliography, https://dblp.org}
}

@article{landauer,
  author    = {Rolf Landauer},
  title     = {Irreversibility and Heat Generation in the Computing Process},
  journal   = {{IBM} J. Res. Dev.},
  volume    = {5},
  number    = {3},
  pages     = {183--191},
  year      = {1961},
  url       = {https://doi.org/10.1147/rd.53.0183},
  doi       = {10.1147/rd.53.0183},
  timestamp = {Fri, 13 Mar 2020 10:54:39 +0100},
  biburl    = {https://dblp.org/rec/journals/ibmrd/Landauer61.bib},
  bibsource = {dblp computer science bibliography, https://dblp.org}
}

@book{book,
  editor    = {Irek Ulidowski and
               Ivan Lanese and
               Ulrik Pagh Schultz and
               Carla Ferreira},
  title     = {Reversible Computation: Extending Horizons of Computing - Selected
               Results of the {COST} Action {IC1405}},
  series    = {Lecture Notes in Computer Science},
  volume    = {12070},
  publisher = {Springer},
  year      = {2020},
  url       = {https://doi.org/10.1007/978-3-030-47361-7},
  doi       = {10.1007/978-3-030-47361-7},
  isbn      = {978-3-030-47360-0},
  timestamp = {Sat, 16 May 2020 14:12:26 +0200},
  biburl    = {https://dblp.org/rec/series/lncs/12070.bib},
  bibsource = {dblp computer science bibliography, https://dblp.org}
}

@inproceedings{causal,
  author    = {Vincent Danos and
               Jean Krivine},
  editor    = {Philippa Gardner and
               Nobuko Yoshida},
  title     = {Reversible Communicating Systems},
  booktitle = {{CONCUR} 2004 - Concurrency Theory, 15th International Conference,
               London, UK, August 31 - September 3, 2004, Proceedings},
  series    = {Lecture Notes in Computer Science},
  volume    = {3170},
  pages     = {292--307},
  publisher = {Springer},
  year      = {2004},
  url       = {https://doi.org/10.1007/978-3-540-28644-8\_19},
  doi       = {10.1007/978-3-540-28644-8\_19},
  timestamp = {Fri, 27 Mar 2020 08:51:56 +0100},
  biburl    = {https://dblp.org/rec/conf/concur/DanosK04.bib},
  bibsource = {dblp computer science bibliography, https://dblp.org}
}

@article{wikipedia,
  author    = {Wikipedia},
  title     = {Computazione reversibile},
  year      = {2020},
  url       = {https://it.wikipedia.org/wiki/Computazione_reversibile},
}